<?xml version="1.0" encoding="UTF-8"?><collection xmlns="http://www.loc.gov/MARC21/slim"><record><leader>00493nam--2200157-i-4500</leader><controlfield tag="001">000032577</controlfield><controlfield tag="002">20161230</controlfield><controlfield tag="005">20161230201039</controlfield><controlfield tag="008">060222s1000------------r-----000-0-eng-d</controlfield><datafield ind1=" " ind2=" " tag="080"><subfield code="a">517.983.24(043)</subfield></datafield><datafield ind1=" " ind2=" " tag="100"><subfield code="a">Mlak, Wlodzimierz</subfield></datafield><datafield ind1=" " ind2=" " tag="245"><subfield code="a">Dilations of hilbert space operators (general theory)</subfield></datafield><datafield ind1=" " ind2=" " tag="260"><subfield code="a">Warszawa, Panstwowe Wydawnictwo Naukowe, 1978, 65p</subfield></datafield><datafield ind1=" " ind2=" " tag="490"><subfield code="a">Dissertationes Mathematicae. (Rozprawy Mathematyczne)</subfield><subfield code="v">vol. CLIII</subfield></datafield><datafield ind1=" " ind2=" " tag="852"><subfield code="a">7385</subfield></datafield><datafield ind1=" " ind2=" " tag="CAT"><subfield code="a">Sys</subfield><subfield code="c">20080327</subfield><subfield code="h">114046</subfield></datafield></record></collection>